@article{Improving-Zhang2020,
  title={Improving End-to-End Single-Channel Multi-Talker Speech Recognition},
  author={Zhang, Wangyou and Chang, Xuankai and Qian, Yanmin and Watanabe, Shinji},
  journal={IEEE/ACM Transactions on Audio, Speech, and Language Processing},
  volume={28},
  pages={1385--1394},
  year={2020},
  url={https://ieeexplore.ieee.org/document/9072433},
  doi={10.1109/TASLP.2020.2988423},
}

@article{End_to_End-Zhang2022,
  title={End-to-End Dereverberation, Beamforming, and Speech Recognition in A Cocktail Party},
  author={Zhang, Wangyou and Chang, Xuankai and Boeddeker, Christoph and Nakatani, Tomohiro and Watanabe, Shinji and Qian, Yanmin},
  journal={IEEE/ACM Transactions on Audio, Speech, and Language Processing},
  volume={30},
  pages={3173--3188},
  year={2022},
  url={https://ieeexplore.ieee.org/document/9904314},
  doi={10.1109/TASLP.2022.3209942},
}

@article{Two_Stage-Lin2023,
  title={Two-Stage Single-Channel Speech Enhancement with Multi-Frame Filtering},
  author={Lin, Shaoxiong and Zhang, Wangyou and Qian, Yanmin},
  journal={Applied Sciences},
  volume={13},
  number={8},
  year={2023},
  article-number={4926},
  url={https://www.mdpi.com/2076-3417/13/8/4926},
  doi={10.3390/app13084926},
}

@article{Module_Based-Chang2024,
  title={Module-Based End-to-End Distant Speech Processing: A Case Study of Far-Field Automatic Speech Recognition},
  author={Chang, Xuankai and Watanabe, Shinji and Delcroix, Marc and Ochiai, Tsubasa and Zhang, Wangyou and Qian, Yanmin},
  journal={IEEE Signal Processing Magazine},
  volume={41},
  number={6},
  pages={39--50},
  year={2024},
  url={https://ieeexplore.ieee.org/document/10819672},
  doi={10.1109/MSP.2024.3486469},
}

@article{SpoofCeleb-Jung2025,
  title={{SpoofCeleb}: Speech Deepfake Detection and {SASV} in the Wild},
  author={Jung, Jee-weon and Wu, Yihan and Wang, Xin and Kim, Ji-Hoon and Maiti, Soumi and Matsunaga, Yuta and Shim, Hye-jin and Tian, Jinchuan and Evans, Nicholas and Chung, Joon Son and Zhang, Wangyou and Um, Seyun and Takamichi, Shinnosuke and Watanabe, Shinji},
  journal={IEEE Open Journal of Signal Processing},
  volume={6},
  pages={68--77},
  year={2025},
  doi={10.1109/OJSP.2025.3529377},
  url={https://arxiv.org/abs/2409.17285},
}

@article{Contextual-Qian2025,
  title={Contextual Understanding With Contextual Embeddings for Multi-Talker Speech Separation and Recognition in a Cocktail Party},
  author={Qian, Yanmin and Li, Chenda and Zhang, Wangyou and Lin, Shaoxiong},
  journal={npj Acoustics},
  volume={1},
  number={1},
  pages={3},
  year={2025},
  doi={10.1038/s44384-025-00004-x},
  url={https://www.nature.com/articles/s44384-025-00004-x},
}

@article{End_to_End-Masuyama2025,
  title={An End-to-End Integration of Speech Separation and Recognition With Self-Supervised Learning Representation},
  author={Masuyama, Yoshiki and Chang, Xuankai and Zhang, Wangyou and Cornell, Samuele and Wang, Zhong-Qiu and Ono, Nobutaka and Qian, Yanmin and Watanabe, Shinji},
  journal={Computer Speech \& Language},
  pages={101813},
  year={2025},
  doi={https://doi.org/10.1016/j.csl.2025.101813},
  url={https://www.sciencedirect.com/science/article/pii/S0885230825000385},
}

@article{Unified-Zhang2025-cn,
  title={多输入场景通用的一体化语音增强技术},
  author={张, 王优 and 钱, 彦旻},
  journal={信号处理},
  volume={},
  number={},
  pages={1--22},
  year={2025},
  url={https://link.cnki.net/urlid/11.2406.TN.20250729.0927.006},
}

@article{Unified-Zhang2025,
  title={Unified Speech Enhancement Technique for Diverse Input Conditions},
  author={Zhang, Wangyou and Qian, Yanmin},
  journal={Journal of Signal Processing (in Chinese)},
  volume={},
  number={},
  pages={1--22},
  year={2025},
  url={https://link.cnki.net/urlid/11.2406.TN.20250729.0927.006},
}

@inproceedings{Robust-Zhang2019,
  title={Robust {DOA} Estimation Based on Convolutional Neural Network and Time-Frequency Masking},
  author={Zhang, Wangyou and Zhou, Ying and Qian, Yanmin},
  booktitle={Proc. Interspeech},
  pages={2703--2707},
  year={2019},
  url={https://www.isca-archive.org/interspeech_2019/zhang19j_interspeech.html#},
  doi={10.21437/Interspeech.2019-3158},
}

@inproceedings{Knowledge-Zhang2019,
  title={Knowledge Distillation for End-to-End Monaural Multi-Talker {ASR} System},
  author={Zhang, Wangyou and Chang, Xuankai and Qian, Yanmin},
  booktitle={Proc. Interspeech},
  pages={2633--2637},
  year={2019},
  url={https://www.isca-archive.org/interspeech_2019/zhang19i_interspeech.html},
  doi={10.21437/Interspeech.2019-3192},
}

@inproceedings{MIMO_Speech-Chang2019,
  title={{MIMO-Speech}: End-to-End Multi-Channel Multi-Speaker Speech Recognition},
  author={Chang, Xuankai and Zhang, Wangyou and Qian, Yanmin and Le Roux, Jonathan and Watanabe, Shinji},
  booktitle={Proc. ASRU},
  pages={237--244},
  year={2019},
  url={https://arxiv.org/abs/1910.06522},
  doi={10.1109/ASRU46091.2019.9003986},
}

@inproceedings{End_to_End-Zhang2019,
  title={End-to-End Overlapped Speech Detection and Speaker Counting with Raw Waveform},
  author={Zhang, Wangyou and Sun, Man and Wang, Lan and Qian, Yanmin},
  booktitle={Proc. ASRU},
  pages={660--666},
  year={2019},
  url={https://ieeexplore.ieee.org/document/9003962},
  doi={10.1109/ASRU46091.2019.9003962},
}

@inproceedings{Comparative-Karita2019,
  title={A Comparative Study on Transformer vs {RNN} in Speech Applications},
  author={Karita, Shigeki and Chen, Nanxin and Hayashi, Tomoki and Hori, Takaaki and Inaguma, Hirofumi and Jiang, Ziyan and Someki, Masao and Soplin, Nelson Enrique Yalta and Yamamoto, Ryuichi and Wang, Xiaofei and Watanabe, Shinji and Yoshimura, Takenori and Zhang, Wangyou},
  booktitle={Proc. ASRU},
  pages={449--456},
  year={2019},
  url={https://arxiv.org/abs/1909.06317},
  doi={10.1109/ASRU46091.2019.9003750},
}

@inproceedings{End_To_End-Chang2020,
  title={End-To-End Multi-Speaker Speech Recognition With Transformer},
  author={Chang, Xuankai and Zhang, Wangyou and Qian, Yanmin and Le Roux, Jonathan and Watanabe, Shinji},
  booktitle={Proc. ICASSP},
  pages={6129--6133},
  year={2020},
  url={https://arxiv.org/abs/2002.03921},
  doi={10.1109/ICASSP40776.2020.9054029},
}

@inproceedings{Learning-Zhang2020,
  title={Learning Contextual Language Embeddings for Monaural Multi-talker Speech Recognition},
  author={Zhang, Wangyou and Qian, Yanmin},
  booktitle={Proc. Interspeech},
  pages={304--308},
  year={2020},
  url={https://www.isca-archive.org/interspeech_2020/zhang20_interspeech.html},
  doi={10.21437/Interspeech.2020-2015},
}

@inproceedings{End_to_End-Zhang2020,
  title={End-to-End Far-Field Speech Recognition with Unified Dereverberation and Beamforming},
  author={Zhang, Wangyou and Subramanian, Aswin Shanmugam and Chang, Xuankai and Watanabe, Shinji and Qian, Yanmin},
  booktitle={Proc. Interspeech},
  pages={324--328},
  year={2020},
  url={https://www.isca-archive.org/interspeech_2020/zhang20b_interspeech.html},
  doi={10.21437/Interspeech.2020-2432},
}

@inproceedings{Convolutive-Boeddeker2021,
  title={Convolutive Transfer Function Invariant {SDR} Training Criteria for Multi-Channel Reverberant Speech Separation},
  author={Boeddeker, Christoph and Zhang, Wangyou and Nakatani, Tomohiro and Kinoshita, Keisuke and Ochiai, Tsubasa and Delcroix, Marc and Kamo, Naoyuki and Qian, Yanmin and Haeb-Umbach, Reinhold},
  booktitle={Proc. ICASSP},
  pages={8428--8432},
  year={2021},
  url={https://arxiv.org/abs/2011.15003},
  doi={10.1109/ICASSP39728.2021.9414661},
}

@inproceedings{Recent-Guo2021,
  title={Recent Developments on {ESPnet} Toolkit Boosted by Conformer},
  author={Guo, Pengcheng and Boyer, Florian and Chang, Xuankai and Hayashi, Tomoki and Higuchi, Yosuke and Inaguma, Hirofumi and Kamo, Naoyuki and Li, Chenda and Garcia-Romero, Daniel and Shi, Jiatong and Shi, Jing and Watanabe, Shinji and Wei, Kun and Zhang, Wangyou and Zhang, Yuekai},
  booktitle={Proc. ICASSP},
  pages={5874--5878},
  year={2021},
  url={https://arxiv.org/abs/2010.13956},
  doi={10.1109/ICASSP39728.2021.9414858},
}

@inproceedings{The2020-Watanabe2021,
  title={The 2020 {ESPnet} Update: New Features, Broadened Applications, Performance Improvements, and Future Plans},
  author={Watanabe, Shinji and Boyer, Florian and Chang, Xuankai and Guo, Pengcheng and Hayashi, Tomoki and Higuchi, Yosuke and Hori, Takaaki and Huang, Wen-Chin and Inaguma, Hirofumi and Kamo, Naoyuki and Karita, Shigeki and Li, Chenda and Shi, Jing and Subramanian, Aswin Shanmugam and Zhang, Wangyou},
  booktitle={IEEE Data Science and Learning Workshop (DSLW)},
  pages={1--6},
  year={2021},
  url={https://arxiv.org/abs/2012.13006},
  doi={10.1109/DSLW51110.2021.9523402},
}

@inproceedings{ESPnet_SE-Li2021,
  title={{ESPnet-SE}: End-to-End Speech Enhancement and Separation Toolkit Designed for {ASR} Integration},
  author={Li, Chenda and Shi, Jing and Zhang, Wangyou and Subramanian, Aswin Shanmugam and Chang, Xuankai and Kamo, Naoyuki and Hira, Moto and Hayashi, Tomoki and Boeddeker, Christoph and Chen, Zhuo and Watanabe, Shinji},
  booktitle={Proc. SLT},
  pages={785--792},
  year={2021},
  url={https://arxiv.org/abs/2011.03706},
  doi={10.1109/SLT48900.2021.9383615},
}

@inproceedings{End_to_End-Zhang2021,
  title={End-to-End Dereverberation, Beamforming, and Speech Recognition with Improved Numerical Stability and Advanced Frontend},
  author={Zhang, Wangyou and Boeddeker, Christoph and Watanabe, Shinji and Nakatani, Tomohiro and Delcroix, Marc and Kinoshita, Keisuke and Ochiai, Tsubasa and Kamo, Naoyuki and Haeb-Umbach, Reinhold and Qian, Yanmin},
  booktitle={Proc. ICASSP},
  pages={6898--6902},
  year={2021},
  url={https://arxiv.org/abs/2102.11525},
  doi={10.1109/ICASSP39728.2021.9414464},
}

@inproceedings{Closing-Zhang2021,
  title={Closing the Gap Between Time-Domain Multi-Channel Speech Enhancement on Real and Simulation Conditions},
  author={Zhang, Wangyou and Shi, Jing and Li, Chenda and Watanabe, Shinji and Qian, Yanmin},
  booktitle={Proc. WASPAA},
  pages={146--150},
  year={2021},
  url={https://arxiv.org/abs/2110.14139},
  doi={10.1109/WASPAA52581.2021.9632720},
}

@inproceedings{Towards-Lu2022,
  title={Towards Low-Distortion Multi-Channel Speech Enhancement: The {ESPnet-SE} Submission to the {L3DAS22} Challenge},
  author={Lu, Yen-Ju and Cornell, Samuele and Chang, Xuankai and Zhang, Wangyou and Li, Chenda and Ni, Zhaoheng and Wang, Zhong-Qiu and Watanabe, Shinji},
  booktitle={Proc. ICASSP},
  pages={9201--9205},
  year={2022},
  url={https://ieeexplore.ieee.org/document/9747146},
  doi={10.1109/ICASSP43922.2022.9747146},
}

@inproceedings{Text-Xi2022,
  title={Text Adaptive Detection for Customizable Keyword Spotting},
  author={Xi, Yu and Tan, Tian and Zhang, Wangyou and Yang, Baochen and Yu, Kai},
  booktitle={Proc. ICASSP},
  pages={6652--6656},
  year={2022},
  url={https://ieeexplore.ieee.org/document/9746647},
  doi={10.1109/ICASSP43922.2022.9746647},
}

@inproceedings{Exploring-Zhou2022,
  title={Exploring Effective Data Utilization for Low-Resource Speech Recognition},
  author={Zhou, Zhikai and Wang, Wei and Zhang, Wangyou and Qian, Yanmin},
  booktitle={Proc. ICASSP},
  pages={8192--8196},
  year={2022},
  url={https://ieeexplore.ieee.org/document/9747543},
  doi={10.1109/ICASSP43922.2022.9747543},
}

@inproceedings{SJTU-Wang2022,
  title={The {SJTU} System for Multimodal Information Based Speech Processing Challenge 2021},
  author={Wang, Wei and Gong, Xun and Wu, Yifei and Zhou, Zhikai and Li, Chenda and Zhang, Wangyou and Han, Bing and Qian, Yanmin},
  booktitle={Proc. ICASSP},
  pages={9261--9265},
  year={2022},
  url={https://ieeexplore.ieee.org/document/9746874},
  doi={10.1109/ICASSP43922.2022.9746874},
}

@inproceedings{ESPnet_SE-Lu2022,
  title={{ESPnet-SE}++: Speech Enhancement for Robust Speech Recognition, Translation, and Understanding},
  author={Lu, Yen-Ju and Chang, Xuankai and Li, Chenda and Zhang, Wangyou and Cornell, Samuele and Ni, Zhaoheng and Masuyama, Yoshiki and Yan, Brian and Scheibler, Robin and Wang, Zhong-Qiu and Tsao, Yu and Qian, Yanmin and Watanabe, Shinji},
  booktitle={Proc. Interspeech},
  pages={5458--5462},
  year={2022},
  url={https://www.isca-archive.org/interspeech_2022/lu22c_interspeech.html},
  doi={10.21437/Interspeech.2022-10727},
}

@inproceedings{Separating-Zhang2022,
  title={Separating Long-Form Speech with Group-wise Permutation Invariant Training},
  author={Zhang, Wangyou and Chen, Zhuo and Kanda, Naoyuki and Liu, Shujie and Li, Jinyu and Emre Eskimez, Sefik and Yoshioka, Takuya and Xiao, Xiong and Meng, Zhong and Qian, Yanmin and Wei, Furu},
  booktitle={Proc. Interspeech},
  pages={5383--5387},
  year={2022},
  url={https://www.isca-archive.org/interspeech_2022/zhang22y_interspeech.html},
  doi={10.21437/Interspeech.2022-10362},
}

@inproceedings{Text_Informed-Wang2022,
  title={Text-Informed Knowledge Distillation for Robust Speech Enhancement and Recognition},
  author={Wang, Wei and Zhang, Wangyou and Lin, Shaoxiong and Qian, Yanmin},
  booktitle={Proc. ISCSLP},
  pages={334--338},
  year={2022},
  url={https://ieeexplore.ieee.org/document/10037802},
  doi={10.1109/ISCSLP57327.2022.10037802},
}

@inproceedings{End_to_End-Scheibler2022,
  title={End-to-End Multi-Speaker {ASR} with Independent Vector Analysis},
  author={Scheibler, Robin and Zhang, Wangyou and Chang, Xuankai and Watanabe, Shinji and Qian, Yanmin},
  booktitle={Proc. SLT},
  pages={496--501},
  year={2022},
  url={https://ieeexplore.ieee.org/document/10023037},
  doi={10.1109/SLT54892.2023.10023037},
}

@inproceedings{Weakly_Supervised-Zhang2023,
  title={Weakly-Supervised Speech Pre-training: A Case Study on Target Speech Recognition},
  author={Zhang, Wangyou and Qian, Yanmin},
  booktitle={Proc. Interspeech},
  pages={3517--3521},
  year={2023},
  url={https://www.isca-archive.org/interspeech_2023/zhang23w_interspeech.html},
  doi={10.21437/Interspeech.2023-1280},
}

@inproceedings{Overlap-Yu2023,
  title={Overlap Aware Continuous Speech Separation without Permutation Invariant Training},
  author={Yu, Linfeng and Zhang, Wangyou and Li, Chenda and Qian, Yanmin},
  booktitle={Proc. Interspeech},
  pages={3512--3516},
  year={2023},
  url={https://www.isca-archive.org/interspeech_2023/yu23c_interspeech.html},
  doi={10.21437/Interspeech.2023-1530},
}

@inproceedings{Exploring-Masuyama2023,
  title={Exploring the Integration of Speech Separation and Recognition with Self-Supervised Learning Representation},
  author={Masuyama, Yoshiki and Chang, Xuankai and Zhang, Wangyou and Cornell, Samuele and Wang, Zhong-Qiu and Ono, Nobutaka and Qian, Yanmin and Watanabe, Shinji},
  booktitle={Proc. WASPAA},
  year={2023},
  url={https://arxiv.org/abs/2307.12231},
  doi={10.1109/WASPAA58266.2023.10248096},
}

@inproceedings{Exploring-Zhang2023,
  title={Exploring Time-Frequency Domain Target Speaker Extraction For Causal and Non-Causal Processing},
  author={Zhang, Wangyou and Yang, Lei and Qian, Yanmin},
  booktitle={Proc. ASRU},
  year={2023},
  url={https://ieeexplore.ieee.org/document/10389752},
  doi={10.1109/ASRU57964.2023.10389752},
}

@inproceedings{Toward-Zhang2023,
  title={Toward Universal Speech Enhancement for Diverse Input Conditions},
  author={Zhang, Wangyou and Saijo, Kohei and Wang, Zhong-Qiu and Watanabe, Shinji and Qian, Yanmin},
  booktitle={Proc. ASRU},
  year={2023},
  url={https://arxiv.org/abs/2309.17384},
  doi={10.1109/ASRU57964.2023.10389733},
}

@inproceedings{Single-Saijo2023,
  title={A Single Speech Enhancement Model Unifying Dereverberation, Denoising, Speaker Counting, Separation, And Extraction},
  author={Saijo, Kohei and Zhang, Wangyou and Wang, Zhong-Qiu and Watanabe, Shinji and Kobayashi, Tetsunori and Ogawa, Tetsuji},
  booktitle={Proc. ASRU},
  year={2023},
  url={https://arxiv.org/abs/2310.08277},
  doi={10.1109/ASRU57964.2023.10389724},
}

@inproceedings{Reproducing-Peng2023,
  title={Reproducing Whisper-Style Training Using an Open-Source Toolkit and Publicly Available Data},
  author={Peng, Yifan and Tian, Jinchuan and Yan, Brian and Berrebbi, Dan and Chang, Xuankai and Li, Xinjian and Shi, Jiatong and Arora, Siddhant and Chen, William and Sharma, Roshan and Zhang, Wangyou and Sudo, Yui and Shakeel, Muhammad and Jung, Jee-Weon and Maiti, Soumi and Watanabe, Shinji},
  booktitle={Proc. ASRU},
  year={2023},
  url={https://arxiv.org/abs/2309.13876},
  doi={10.1109/ASRU57964.2023.10389676},
}

@inproceedings{Joint-Chen2023,
  title={Joint Prediction and Denoising for Large-Scale Multilingual Self-Supervised Learning},
  author={Chen, William and Shi, Jiatong and Yan, Brian and Berrebbi, Dan and Zhang, Wangyou and Peng, Yifan and Chang, Xuankai and Maiti, Soumi and Watanabe, Shinji},
  booktitle={Proc. ASRU},
  year={2023},
  url={https://arxiv.org/abs/2309.15317},
  doi={10.1109/ASRU57964.2023.10389735},
}

@inproceedings{Generation_Based-Yu2024,
  title={Generation-Based Target Speech Extraction with Speech Discretization and Vocoder},
  author={Yu, Linfeng and Zhang, Wangyou and Du, Chenpeng and Zhang, Leying and Liang, Zheng and Qian, Yanmin},
  booktitle={Proc. ICASSP},
  pages={12612--12616},
  year={2024},
  url={https://ieeexplore.ieee.org/document/10446418},
  doi={10.1109/ICASSP48485.2024.10446418},
}

@inproceedings{Improving-Zhang2024,
  title={Improving Design of Input Condition Invariant Speech Enhancement},
  author={Zhang, Wangyou and Jung, Jee-weon and Qian, Yanmin},
  booktitle={Proc. ICASSP},
  pages={10696--10700},
  year={2024},
  url={https://arxiv.org/abs/2401.14271},
  doi={10.1109/ICASSP48485.2024.10448155},
}

@inproceedings{Beyond-Zhang2024,
  title={Beyond Performance Plateaus: A Comprehensive Study on Scalability in Speech Enhancement},
  author={Zhang, Wangyou and Saijo, Kohei and Jung, Jee-weon and Li, Chenda and Watanabe, Shinji and Qian, Yanmin},
  booktitle={Proc. Interspeech},
  pages={1740--1744},
  year={2024},
  url={https://www.isca-archive.org/interspeech_2024/zhang24i_interspeech.html},
  doi={10.21437/Interspeech.2024-1266},
}

@inproceedings{URGENT-Zhang2024,
  title={{URGENT} Challenge: Universality, Robustness, and Generalizability For Speech Enhancement},
  author={Zhang, Wangyou and Scheibler, Robin and Saijo, Kohei and Cornell, Samuele and Li, Chenda and Ni, Zhaoheng and Pirklbauer, Jan and Sach, Marvin and Watanabe, Shinji and Fingscheidt, Tim and Qian, Yanmin},
  booktitle={Proc. Interspeech},
  pages={4868--4872},
  year={2024},
  url={https://www.isca-archive.org/interspeech_2024/zhang24h_interspeech.html},
  doi={10.21437/Interspeech.2024-1239},
}

@inproceedings{ESPnet_SPK-Jung2024,
  title={{ESPnet-SPK}: Full Pipeline Speaker Embedding Toolkit With Reproducible Recipes, Self-Supervised Front-Ends, and off-the-Shelf Models},
  author={Jung, Jee-weon and Zhang, Wangyou and Shi, Jiatong and Aldeneh, Zakaria and Higuchi, Takuya and Gichamba, Alex and Theobald, Barry-John and Hussen Abdelaziz, Ahmed and Watanabe, Shinji},
  booktitle={Proc. Interspeech},
  pages={4278--4282},
  year={2024},
  url={https://www.isca-archive.org/interspeech_2024/jung24c_interspeech.html#},
  doi={10.21437/Interspeech.2024-1345},
}

@inproceedings{Insights-Zhou2024,
  title={Insights from Hyperparameter Scaling of Online Speech Separation},
  author={Zhou, Xin and Zhang, Wangyou and Li, Chenda and Qian, Yanmin},
  booktitle={Proc. ISCSLP},
  pages={561--565},
  year={2024},
  url={https://ieeexplore.ieee.org/document/10800151},
  doi={10.1109/ISCSLP63861.2024.10800151},
}

@inproceedings{Towards-Chen2024,
  title={Towards Robust Speech Representation Learning for Thousands of Languages},
  author={Chen, William and Zhang, Wangyou and Peng, Yifan and Li, Xinjian and Tian, Jinchuan and Shi, Jiatong and Chang, Xuankai and Maiti, Soumi and Livescu, Karen and Watanabe, Shinji},
  booktitle={Proc. EMNLP},
  pages={10205--10224},
  year={2024},
  url={https://aclanthology.org/2024.emnlp-main.570/},
  doi={10.18653/v1/2024.emnlp-main.570},
}

@inproceedings{VERSA-Shi2025,
  title={{VERSA}: A Versatile Evaluation Toolkit for Speech, Audio, and Music},
  author={Shi, Jiatong and Shim, Hye-jin and Tian, Jinchuan and Arora, Siddhant and Wu, Haibin and Petermann, Darius and Yip, Jia Qi and Zhang, You and Tang, Yuxun and Zhang, Wangyou and Alharthi, Dareen Safar and Huang, Yichen and Saito, Koichi and Han, Jionghao and Zhao, Yiwen and Donahue, Chris and Watanabe, Shinji},
  booktitle={Proceedings of the 2025 Conference of the Nations of the Americas Chapter of the Association for Computational Linguistics: Human Language Technologies (System Demonstrations)},
  pages={191--209},
  year={2025},
  url={https://aclanthology.org/2025.naacl-demo.19/},
}

@inproceedings{Advanced-Zhang2025,
  title={Advanced Zero-Shot Text-to-Speech for Background Removal and Preservation with Controllable Masked Speech Prediction},
  author={Zhang, Leying and Zhang, Wangyou and Chen, Zhengyang and Qian, Yanmin},
  booktitle={Proc. ICASSP},
  pages={1--5},
  year={2025},
  doi={10.1109/ICASSP49660.2025.10887658},
  url={https://arxiv.org/abs/2502.07345},
}
